<?xml version="1.0" encoding="UTF-8"?><record xmlns="http://www.loc.gov/MARC21/slim" xmlns:cinclude="http://apache.org/cocoon/include/1.0" xmlns:zs="http://www.loc.gov/zing/srw/">
  <leader>00656cz  a2200157n  4500</leader>
  <controlfield tag="001">n  84183728 </controlfield>
  <controlfield tag="003">DLC</controlfield>
  <controlfield tag="005">20111023074723.0</controlfield>
  <controlfield tag="008">850425n| acannaabn          |n aaa      </controlfield>
  <datafield tag="010" ind1=" " ind2=" ">
    <subfield code="a">n  84183728 </subfield>
  </datafield>
  <datafield tag="035" ind1=" " ind2=" ">
    <subfield code="a">(OCoLC)oca01335710</subfield>
  </datafield>
  <datafield tag="040" ind1=" " ind2=" ">
    <subfield code="a">DLC</subfield>
    <subfield code="b">eng</subfield>
    <subfield code="c">DLC</subfield>
    <subfield code="d">DLC</subfield>
    <subfield code="d">IEN-Mu</subfield>
  </datafield>
  <datafield tag="100" ind1="1" ind2=" ">
    <subfield code="a">Dale, Gordon,</subfield>
    <subfield code="d">1935-2001</subfield>
  </datafield>
  <datafield tag="670" ind1=" " ind2=" ">
    <subfield code="a">His Killed in action, c1984:</subfield>
    <subfield code="b">caption (Gordon Dale)</subfield>
  </datafield>
  <datafield tag="670" ind1=" " ind2=" ">
    <subfield code="a">Internat. WW music, 1985</subfield>
    <subfield code="b">(Dale, Gordon Alan; b. 7/13/35; Wrexham, Wales; composer; teacher of violin; ed.: Dip Ed, Worcester Coll. of Educ.; Birmingham Sch. of Music; FLCM)</subfield>
  </datafield>
  <datafield tag="670" ind1=" " ind2=" ">
    <subfield code="a">Piper Publications WWW site, Oct. 21, 2011:</subfield>
    <subfield code="b">Piper composers (Dale, Gordon; d. 2001)</subfield>
  </datafield>
</record>